@inbook{fedorova:2019:a,
    author = {М. В. Фаликман and О. В. Федорова},
    title = {Лингвистика в контексте когнитивных наук},
    booktitle = {Введение в науку о языке},
    bookauthor = {А. Е. Кибрик and others},
    editor = {О. В. Федоровой and С. Г. Татевосова},
    address = {М.},
    date = {2019},
    pages = {217--226},
    langid = {russian},
}

@inbook{fedorova:2019:b,
    author = {Ченки, Алан and О. В. Федорова},
    title = {Когнитивная лингвистика},
    booktitle = {Введение в науку о языке},
    bookauthor = {А. Е. Кибрик and others},
    editor = {О. В. Федоровой and С. Г. Татевосова},
    address = {М.},
    date = {2019},
    pages = {227--234},
    langid = {russian},
}

@book{skrebtsova:2018,
    author = {Т. Г. Скребцова},
    title = {Когнитивная лингвистика},
    subtitle = {Классические теории, новые подходы},
    address = {М.},
    date = {2018},
    langid = {russian},
}

@inbook{piotrowski:2012,
    author = {Piotrowski, Michael},
    title = {NLP and Digital Humanities},
    booktitle = {Natural Language Processing for Historical Texts},
    publisher = {Morgan \& Claypool},
    date = {2012},
    pages = {5--10},
    langid = {english},
}
