@book{brown_yule:1983,
    author = {Brown, Gillian and Yule, George},
    title = {Discourse Analysis},
    publisher = {Cambridge University Press},
    date = {1983},
    langid = {english},
}

@book{zakharov_bogdanova:2011,
    author = {В. П. Захаров and С. Ю. Богданова},
    title = {Корпусная лингвистика},
    address = {Иркутск},
    date = {2011},
    langid = {russian},
}

@book{stefanowitsch:2020,
    author = {Stefanowitsch, Anatol},
    title = {Corpus linguistics},
    subtitle = {A guide to the methodology},
    date = {2020},
    url = {https://langsci-press.org/catalog/book/148},
    langid = {english},
}

@online{weisser:2016,
    author = {Weisser, Martin},
    title = {Corpus-based Linguistics~--- Introduction},
    date = {2016},
    url = {http://martinweisser.org/corpora_site/CBLLinks.html},
    langid = {english},
}

@online{multext_east,
    author = {Erjavec, Tomaž},
    title = {{MULTEXT}-East Morphosyntactic Specifications},
    version = {6},
    date = {2021-08-20},
    url = {http://nl.ijs.si/ME/V6/msd/html/index.html},
    langid = {english},
}

@article{universal_dependencies,
    author = {{de Marneffe}, Marie-Catherine and Manning, {Christopher D.} and Nivre, Joakim and Zeman, Daniel},
    title = {Universal Dependencies},
    journaltitle = {Computational Linguistics},
    volume = {47},
    number = {2},
    pages = {255--308},
    date = {2021},
    url = {https://doi.org/10.1162/coli_a_00402},
    langid = {english},
}

@inproceedings{corpus_tools,
    title = {corpus-tools.org},
    subtitle = {An Interoperable Generic Software Tool Set for Multi-layer Linguistic Corpora},
    author = {Druskat, Stephan and Gast, Volker and Krause, Thomas and Zipser, Florian},
    booktitle = {Proceedings of the Tenth International Conference on Language Resources and Evaluation ({LREC}'16)},
    address = {Portoro{\v{z}}, Slovenia},
    year = {2016},
    pages = {4492--4499},
    url = {https://aclanthology.org/L16-1711},
    langid = {english},
}

@inproceedings{heiden:2010,
    author = {Heiden, Serge},
    title = {The {TXM} Platform: Building Open-Source Textual Analysis Software Compatible with the {TEI} Encoding Scheme},
    booktitle = {24\textsuperscript{th} Pacific Asia Conference on Language, Information and Computation},
    address = {Sendai},
    date = {2010},
    pages = {389--398},
    url = {https://halshs.archives-ouvertes.fr/halshs-00549764},
    langid = {english},
}
