@incollection{jurafsky_martin:2021,
    author = "Jurafsky, Daniel and Martin, James H.",
    title = "Chatbots \& Dialogue Systems",
    booktitle = "Speech and Language Processing",
    chapter = {24},
    date = {2021-09-21},
    url = {https://web.stanford.edu/~jurafsky/slp3/24.pdf},
    langid = {english},
}
