@book{les,
    author = "{Ярцева В. Н. (ред.).}",
    title = {Лингвистический энциклопедический словарь},
    shorttitle = {ЛЭС},
    address = {М.},
    date = {1990},
    url = {http://tapemark.narod.ru/les/},
    langid = {russian},
}

@inbook{lutikova:2019,
    author = {Е. А. Лютикова},
    title = {Синтаксис},
    booktitle = {Введение в науку о языке},
    bookauthor = {А. Е. Кибрик and others},
    editor = {О. В. Федоровой and С. Г. Татевосова},
    address = {М.},
    date = {2019},
    pages = {89--125},
    url = {http://tipl.philol.msu.ru/application/files/9215/8507/9636/AEK_et_al_corrected_2020.pdf},
    langid = {russian},
}

@book{gak:2004,
    author = {В. Г. Гак},
    title = {Теоретическая грамматика французского языка},
    address = {М.},
    date = {2004},
    langid = {russian},
}

@online{paducheva:2015,
    author = {Е. В. Падучева},
    title = {Коммуникативная структура предложения},
    date = {2015},
    url = {http://rusgram.ru},
    langid = {russian},
}

% @inbook{martynenko:1996,
%     author = {Г. Я. Мартыненко},
%     title = {Сложность синтаксических структур и стилистическая диагностика},
%     booktitle = {Прикладное языкознание},
%     booksubtitle = {Учебник},
%     editor = {А. С. Герда},
%     address = {СПб.},
%     date = {1996},
%     pages = {435--450},
%     langid = {russian},
% }

@inbook{kibrik:1992,
    author = {А. Е. Кибрик},
    title = {О соотношении понятия синтаксического подчинения с понятиями согласования, управления и примыкания},
    booktitle = {Очерки по общим и прикладным вопросам языкознания},
    OPTbooksubtitle = {Универсальное, типовое и специфичное в языке},
    address = {М.},
    date = {1992},
    pages = {102--122},
    langid = {russian},
}

@book{ag:1980:1,
    author = "{Шведова Н. Ю. (ред.).}",
    title = {Русская грамматика. Том~II},
    subtitle = {Синтаксис},
    address = {М.},
    date = {1980},
    url = {http://lukashevichus.info},
    langid = {russian},
}
