@book{les,
    author = "{Ярцева В. Н. (ред.).}",
    title = {Лингвистический энциклопедический словарь},
    shorttitle = {ЛЭС},
    address = {М.},
    date = {1990},
    url = {http://tapemark.narod.ru/les/},
    langid = {russian},
}

@book{brown_yule:1983,
    author = {Brown, Gillian and Yule, George},
    title = {Discourse Analysis},
    publisher = {Cambridge University Press},
    date = {1983},
    langid = {english},
}

@inbook{lutikova:2019,
    author = {А. А. Кибрик},
    title = {Дискурс},
    booktitle = {Введение в науку о языке},
    bookauthor = {А. Е. Кибрик and others},
    editor = {О. В. Федоровой and С. Г. Татевосова},
    address = {М.},
    date = {2019},
    pages = {126--163},
    langid = {russian},
}

@book{skrebtsova:2020,
    author = {Т. Г. Скребцова},
    title = {Лингвистика дискурса},
    subtitle = {Структура, семантика, прагматика},
    address = {М.},
    date = {2020},
    langid = {russian},
}
