@book{brown_yule:1983,
    author = {Brown, Gillian and Yule, George},
    title = {Discourse Analysis},
    publisher = {Cambridge University Press},
    date = {1983},
    langid = {english},
}

@book{zakharov_bogdanova:2011,
    author = {В. П. Захаров and С. Ю. Богданова},
    title = {Корпусная лингвистика},
    address = {Иркутск},
    date = {2011},
    langid = {russian},
}

@book{stefanowitsch:2020,
    author = {Stefanowitsch, Anatol},
    title = {Corpus linguistics},
    subtitle = {A guide to the methodology},
    date = {2020},
    url = {https://langsci-press.org/catalog/book/148},
    langid = {english},
}

@online{weisser:2016,
    author = {Weisser, Martin},
    title = {Corpus-based Linguistics~--- Introduction},
    date = {2016},
    url = {http://martinweisser.org/corpora_site/CBLLinks.html},
    langid = {english},
}

@online{erjavec:2021,
    author = {Erjavec, Tomaž},
    title = {{MULTEXT}-East Morphosyntactic Specifications},
    version = {6},
    date = {2021-08-20},
    url = {http://nl.ijs.si/ME/V6/msd/html/index.html},
    langid = {english},
}
