@book{les,
    title = {Лингвистический энциклопедический словарь},
    shorttitle = {ЛЭС},
    editor = {В. Н. Ярцевой},
    address = {М.},
    date = {1990},
    url = {http://tapemark.narod.ru/les/index.html},
    langid = {russian},
}

@book{melchuk:1997,
    author = {И. А. Мельчук},
    title = {Курс общей морфологии},
    volume = {1},
    address = {М.},
    date = {1997},
    langid = {russian},
}

@book{baudouin:1963,
    author = {И. А. {Бодуэн де Куртенэ}},
    title = {Избранные труды по общему языкознанию},
    volume = {2},
    address = {М.},
    date = {1963},
    langid = {russian},
}

@book{bloomfield:1933,
    author = {Bloomfield, Leonard},
    title = {Language},
    address = {New York},
    date = {1933},
    langid = {english},
}
