@inproceedings{meyer:2006,
    author = {Meyer, Roland},
    title = {The Regensburg Diachronic Corpus of Russian},
    booktitle = {Proceedings of the International Conference \textit{Corpus Linguistics~--- 2006}},
    OPTeventdate = {2006-10-10/2006-10-14},
    address = {Saint Petersburg},
    date = {2006},
    pages = {242--249},
    url = {https://events.spbu.ru/eventsContent/files/corpling/corpora2006/Meyer_doklad_242_249.pdf},
    langid = {english},
}

@article{mishina_pichkhadze:2015,
    author = {Е. И. Мишина and А. А. Пичхадзе},
    title = {Древнерусский подкорпус Национального корпуса русского языка},
    journaltitle = {Труды Института русского языка им.~В.",В.~Виноградова},
    issue = {6},
    address = {М.},
    date = {2015},
    pages = {99--115},
    url = {https://elibrary.ru/item.asp?id=25390363},
    langid = {russian},
}

@inproceedings{sichinava:2014,
    author = {Д. В. Сичинава},
    title = {Исторические корпуса Национального корпуса русского языка как инструмент диахронических исследований грамматики},
    booktitle = {Письменное наследие и информационные технологии},
    booksubtitle = {Материалы V международной научной конференции},
    eventtitle = {El'Manuscript-2014},
    OPTeventdate = {2014-09-15/2014-09-20},
    address = {София, Ижевск},
    date = {2014},
    pages = {226--229},
    url = {https://textualheritage.org/ru/el-manusctipt-2014/48.html},
    langid = {russian},
}

@article{polyakov:2015,
    author = {Е. Р. Добрушина and А. Г. Кравецкий and А. Е. Поляков},
    title = {Корпус и частотный грамматический корпусный словарь церковнославянского языка в составе Национального корпуса русского языка},
    journaltitle = {Труды Института русского языка им.~В.",В.~Виноградова},
    issue = {6},
    address = {М.},
    date = {2015},
    pages = {116--141},
    url = {https://elibrary.ru/item.asp?id=25390364},
    langid = {russian},
}

@article{lyashevskaya:2016,
    author = {Т. С. Гаврилова and Т. А. Шалганова and О. Н. Ляшевская},
    title = {К задаче автоматической лексико"=грамматической разметки старорусского корпуса {XV--XVII} вв.},
    journaltitle = {Вестник Православного Свято-Тихоновского гуманитарного университета},
    OPTseries = {3},
    volume = {47},
    number = {2},
    date = {2016},
    pages = {7--25},
    url = {https://publications.hse.ru/articles/198589942},
    langid = {russian},
}

@inproceedings{haug_johndal:2008,
    author = {Jaug, {Dag T. T.} and Jøhndal, {Marius L.}},
    title = {Creating a Parallel Treebank of the Old Indo-European Bible Translations},
    booktitle = {Proceedings of the Second Workshop on Language Technology for Cultural Heritage Data ({LaTeCH} 2008)},
    date = {2008},
    pages = {27--34},
    url = {http://www.lrec-conf.org/proceedings/lrec2008/workshops/W22_Proceedings.pdf#page=31},
    langid = {english},
}

@article{eckhoff_berdicevskis:2015,
    author = {Eckhoff, Hanne Martine and Berdicevskis, Aleksandrs},
    title = {Linguistics vs. digital editions},
    subtitle = {The Tromsø Old Russian and OCS Treebank},
    journaltitle = {Scripta \& e-Scripta},
    issue = {14--15},
    date = {2015},
    pages = {9--25},
    url = {http://e-scripta.ilit.bas.bg/node/54},
    langid = {english},
}

@inproceedings{lyashevskaya:2019,
    author = {Lyashevskaya, Olga},
    title = {A reusable tagset for the morphologically rich language in change},
    subtitle = {A case of Middle Russian},
    booktitle = {Computational Linguistics and Intellectual Technologies},
    booksubtitle = {Proceedings of the International Conference ``Dialogue 2019''},
    OPTeventdate = {2019-05-29/2019-06-01},
    address = {Moscow},
    date = {2019},
    url = {http://www.dialog-21.ru/media/4614/lyashevskayaon-163.pdf},
    langid = {english},
}

@inproceedings{baranov:2010,
    author = {В. А. Баранов and О. В. Гулина and А. Н. Миронов},
    title = {Морфологическая парадигма и её составляющие в системе «Манускрипт»},
    booktitle = {Информационные технологии и письменное наследие},
    booksubtitle = {Материалы III международной научной конференции},
    eventtitle = {El'Manuscript-2010},
    OPTeventdate = {2010-09-28/2010-09-31},
    address = {Уфа, Ижевск},
    date = {2010},
    url = {https://textualheritage.org/ru/el-manusctipt-10/23.html},
    langid = {russian},
}

@inproceedings{sichinava_dyshkant:2020,
    author = {Д. В. Сичинава and А. Н. Дышкант},
    title = {Базы данных некнижной письменности, исторический корпус, словоуказатель: интеграция},
    booktitle = {Компьютерная лингвистика и интеллектуальные технологии},
    booksubtitle = {По материалам международной конференции «Диалог~"--- 2020»},
    OPTeventdate = {2020-06-17/2020-06-20},
    address = {Москва},
    date = {2020},
    url = {https://ruslang.ru/doc/sitchinava/Sitchinava_Dyshkant_2020_dialogue.pdf},
    langid = {russian},
}

@inproceedings{azarova_alexeeva:2013,
    author = {И. В. Азарова and Е. Л. Алексеева},
    title = {Особенности морфо"=синтаксической разметки древнерусских агиографических текстов},
    booktitle = {Труды международной конференции «Корпусная лингвистика~"--- 2013»},
    OPTeventdate = {2013-06-25/2013-06-27},
    address = {СПб.},
    date = {2013},
    pages = {157--164},
    url = {https://events.spbu.ru/eventsContent/files/corpling/corpora2013/Alexeeva.pdf},
    urldate = {2020-06-01},
    langid = {russian},
}

@article{content_structuring:2021,
    author = {Azarova, Irina and Alekseeva, Elena and Lavrentiev, Alexei and Rogozina, Elena and Sipunin, Konstantin},
    title = {Content Structuring in St Petersburg Corpus of Hagiographic Texts},
    journaltitle = {Scripta \& e-Scripta},
    issue = {21},
    date = {2021},
    pages = {69--78},
    url = {http://e-scripta.ilit.bas.bg/archives/year-2021/issue-21/content-structuring-st-petersburg-corpus-hagiographic-texts-scat},
    langid = {english},
}
